% Comprehensive analysis of distance and similarity measures for Wi-Fi fingerprinting indoor positioning systems
@article{TorresSospedra2015WiFi,
title = {Comprehensive analysis of distance and similarity measures for Wi-Fi fingerprinting indoor positioning systems},
journal = {Expert Systems with Applications},
volume = {42},
number = {23},
pages = {9263-9278},
year = {2015},
issn = {0957-4174},
doi = {https://doi.org/10.1016/j.eswa.2015.08.013},
url = {https://www.sciencedirect.com/science/article/pii/S0957417415005527},
author = {Joaquín Torres-Sospedra and Raúl Montoliu and Sergio Trilles and Óscar Belmonte and Joaquín Huerta},
keywords = {Indoor localization, Distance measures, Similarity measures, -NN, Wi-Fi fingerprint}
}

% Hechenbichler, Schliep: - Weighted k-Nearest-Neighbor Techniques and Ordinal Classification
@article{Hechenbichler2004WeightedKNN,
author = {Hechenbichler, K. and Schliep, Klaus},
year = {2004},
month = {01},
pages = {},
title = {Weighted k-Nearest-Neighbor Techniques and Ordinal Classification},
volume = {399},
journal = {Discussion Paper}
}

% https://www.ibm.com/de-de/topics/knn
@misc{ibmknearestNeighbors,
	author = {IBM},
	title = {{W}as ist der „k-nearest neighbors algorithm"? | {I}{B}{M}},
	howpublished = {\url{https://www.ibm.com/de-de/topics/knn}},
	year = {2024a},
	note = {[Accessed 17-08-2024]},
}

%SVM
% https://www.bigdata-insider.de/was-ist-eine-support-vector-machine-a-880134
@misc{bigdatainsiderEineSupport,
	author = {Stefan Luber},
	title = {{W}as ist eine {S}upport {V}ector {M}achine?},
	howpublished = {\url{https://www.bigdata-insider.de/was-ist-eine-support-vector-machine-a-880134}},
	year = {2019},
	note = {[Accessed 17-08-2024]},
}

% ttps://www.ibm.com/topics/support-vector-machine
@misc{ibmWhatSupport,
	author = {IBM},
	title = {{W}hat {I}s {S}upport {V}ector {M}achine? | {I}{B}{M}},
	howpublished = {\url{https://www.ibm.com/topics/support-vector-machine}},
	year = {2024b},
	note = {[Accessed 17-08-2024]},
}

@misc{baeldungParameterSupport,
	author = {Bahaa El-Din Helmy},
	title = {{T}he {C} {P}arameter in {S}upport {V}ector {M}achines | {B}aeldung on {C}omputer {S}cience},
	howpublished = {\url{https://www.baeldung.com/cs/ml-svm-c-parameter}},
	year = {2024},
	note = {[Accessed 20-08-2024]},
}

@misc{geeksforgeeksGammaParameter,
	author = {GeeksforGeeks},
	title = {{G}amma {P}arameter in {S}{V}{M} - {G}eeksfor{G}eeks},
	howpublished = {\url{https://www.geeksforgeeks.org/gamma-parameter-in-svm/}},
	year = {2024},
	note = {[Accessed 20-08-2024]},
}




% https://wires.onlinelibrary.wiley.com/doi/full/10.1002/wics.49
@article{Mammone2009SVM,
author = {Mammone, Alessia and Turchi, Marco and Cristianini, Nello},
title = {Support vector machines},
journal = {WIREs Computational Statistics},
volume = {1},
number = {3},
pages = {283-289},
keywords = {support vector machines, kernel methods, classification algorithms},
doi = {https://doi.org/10.1002/wics.49},
url = {https://wires.onlinelibrary.wiley.com/doi/abs/10.1002/wics.49},
eprint = {https://wires.onlinelibrary.wiley.com/doi/pdf/10.1002/wics.49},
year = {2009}
}

% Random Forest
@misc{builtinRandomForest,
	author = {Niklas Donges},
	title = {{R}andom {F}orest: {A} {C}omplete {G}uide for {M}achine {L}earning | {B}uilt {I}n},
	howpublished = {\url{https://builtin.com/data-science/random-forest-algorithm}},
	year = {2024},
	note = {[Accessed 17-08-2024]},
}

% WiFi Indoor Localization with CSI Fingerprinting-Based Random Forest
@article{Wang2018WiFiLocalization,
author = {Wang, Yanzhao and Xiu, Chundi and Zhang, Xuanli and Yang, Dongkai},
title = {WiFi Indoor Localization with CSI Fingerprinting-Based Random Forest},
journal = {Sensors},
volume = {18},
year = {2018},
number = {9},
article-number = {2869},
url = {https://www.mdpi.com/1424-8220/18/9/2869},
PubMedID = {30200285},
issn = {1424-8220},
doi = {10.3390/s18092869}
}

% Allgemein WiFi Fingerprinting
% Overview of WiFi ﬁngerprinting-based indoor positioning
@article{Shang2022WiFiFingerprinting,
author = {Shang, Shuang and Wang, Lixing},
year = {2022},
month = {04},
pages = {},
title = {Overview of WiFi fingerprinting‐based indoor positioning},
volume = {16},
journal = {IET Communications},
doi = {10.1049/cmu2.12386}
}








% RICHTIGE QUELLEN
% Quelle 1: Access Points Service Set Identifier (SSID) for Localization and Tracking
@article{masoud2022access,
author = {Masoud, Mohammad and Jaradat, Yousef and Alia, Mohammad},
year = {2022},
month = {01},
pages = {5459-5476},
title = {IEEE802.11 Access Point's Service Set Identifier (SSID) for Localization and Tracking},
volume = {71},
journal = {Computers, Materials \& Continua},
doi = {10.32604/cmc.2022.023781}
}


% Quelle 2: RSSI-Based Indoor Localization With the Internet of Things
@article{sadowski2018rssi,
author = {Sadowski, Sebastian and Spachos, P.},
year = {2018},
month = {06},
pages = {1-1},
title = {RSSI-Based Indoor Localization with the Internet of Things},
volume = {PP},
journal = {IEEE Access},
doi = {10.1109/ACCESS.2018.2843325}
}

% Quelle 3: Survey on Indoor localization System and Recent Advances of WIFI Fingerprinting Technique
@inproceedings{basri2016survey,
author = {BASRI, Chaimaa and Khadimi, Ahmed},
year = {2016},
month = {09},
pages = {253-259},
title = {Survey on indoor localization system and recent advances of WIFI fingerprinting technique},
doi = {10.1109/ICMCS.2016.7905633}
}

% scikit-learn
% KNN
@misc{scikitlearnKNeighborsRegressor,
	author = {{scikit-learn developers}},
	title = {{K}{N}eighbors{R}egressor},
	howpublished = {\url{https://scikit-learn.org/stable/modules/generated/sklearn.neighbors.KNeighborsRegressor.html\#sklearn.neighbors.KNeighborsRegressor}},
	year = {2024},
	note = {[Accessed 17-08-2024]},
}



% Warum KNN, SVM, Random Forest
% Passive Indoor Localization with WiFi Fingerprints
@misc{Hoang2021PassiveLocalization,
      title={Passive Indoor Localization with WiFi Fingerprints}, 
      author={Minh Tu Hoang and Brosnan Yuen and Kai Ren and Ahmed Elmoogy and Xiaodai Dong and Tao Lu and Robert Westendorp and Kishore Reddy Tarimala},
      year={2021},
      eprint={2111.14281},
      archivePrefix={arXiv},
      primaryClass={eess.SP},
      url={https://arxiv.org/abs/2111.14281}, 
}

% A Wireless Fingerprint Location Method Based on Target Tracking
@inproceedings{Han2018WirelessFingerprint,
  author={Han, Xu and He, Zunwen},
  booktitle={2018 12th International Symposium on Antennas, Propagation and EM Theory (ISAPE)}, 
  title={A Wireless Fingerprint Location Method Based on Target Tracking}, 
  year={2018},
  pages={1-4},
  keywords={Fingerprint recognition;Databases;Machine learning algorithms;Classification algorithms;Wireless communication;Wireless sensor networks;Target tracking;location fingerprint location;RSS;target tracking},
  doi={10.1109/ISAPE.2018.8634177}
}


% An Efficient Normalized Rank Based SVM for Room Level Indoor WiFi Localization with Diverse Devices
% https://onlinelibrary.wiley.com/doi/full/10.1155/2017/6268797
@article{Rezgui2017NormalizedSVM,
author = {Rezgui, Yasmine and Pei, Ling and Chen, Xin and Wen, Fei and Han, Chen},
title = {An Efficient Normalized Rank Based SVM for Room Level Indoor WiFi Localization with Diverse Devices},
journal = {Mobile Information Systems},
volume = {2017},
number = {1},
pages = {6268797},
doi = {https://doi.org/10.1155/2017/6268797},
url = {https://onlinelibrary.wiley.com/doi/abs/10.1155/2017/6268797},
eprint = {https://onlinelibrary.wiley.com/doi/pdf/10.1155/2017/6268797},
year = {2017}
}


% Bachelorarbeit BVG Detection
@thesis{winter2017indoor,
  author       = {Johann Winter},
  title        = {Implementierung eines Systems zur Indoor-Wegesuche basierend auf dem Fingerprintverfahren},
  type         = {Bachelorarbeit},
  school       = {Hochschule für Technik und Wirtschaft Berlin},
  year         = {2017},
  date         = {2017-10-06}
}

% Bilder
% SVM ()
@misc{databasecampSupportVector,
	author = {Data Basecamp},
	title = {{S}upport {V}ector {M}achine ({S}{V}{M}) - einfach erklärt! | {D}ata {B}asecamp},
	howpublished = {\url{https://databasecamp.de/ki/support-vector-machine-svm}},
	year = {2021},
	note = {[Accessed 19-08-2024]},
}

% RSSI
% https://www.iot-mesh.de/rssi
@misc{iotmeshRSSIReceived,
	author = {{IoT [mesh]}},
	title = {{R}{S}{S}{I}: "{R}eceived {S}ignal {S}trength {I}ndication": {W}as ist ein guter {W}ert? {W}ie wird der {R}{S}{S}{I} ermittelt?},
	howpublished = {\url{https://www.iot-mesh.de/rssi}},
	year = {2024},
	note = {[Accessed 19-08-2024]},
}


@article{Amirisoori2017,
  title = {WI-FI Based Indoor Positioning Using Fingerprinting Methods (KNN Algorithm) in Real Environment},
  volume = {10},
  ISSN = {2233-7857},
  url = {http://dx.doi.org/10.14257/ijfgcn.2017.10.9.03},
  DOI = {10.14257/ijfgcn.2017.10.9.03},
  number = {9},
  journal = {International Journal of Future Generation Communication and Networking},
  publisher = {NADIA},
  author = {Amirisoori,  Samaneh and Daud,  Salwani Mohd and Ahmad,  Noor Azurati and Aziz,  Nur Syazarin Natasha Abd and Sa’at,  Nurul Iman Mohd and Noor,  Nur Qamarina Mohd},
  year = {2017},
  month = sep,
  pages = {23–36}
}

% Grafana/Prometheus/FastAPI Tutorial
@misc{devGettingStarted,
	author = {Zoo Codes},
	title = {{G}etting {S}tarted: {M}onitoring a {F}ast{A}{P}{I} {A}pp with {G}rafana and {P}rometheus - {A} {S}tep-by-{S}tep {G}uide},
	howpublished = {\url{https://dev.to/ken_mwaura1/getting-started-monitoring-a-fastapi-app-with-grafana-and-prometheus-a-step-by-step-guide-3fbn}},
	year = {2023},
	note = {[Accessed 20-08-2024]},
}

% Android Docs
@misc{androidAndroidGradle,
	author = {Google},
	title = {{A}ndroid {G}radle plugin 8.5 release notes | {A}ndroid {S}tudio | {A}ndroid {D}evelopers},
	howpublished = {\url{https://developer.android.com/build/releases/gradle-plugin}},
	year = {2024a},
	note = {[Accessed 20-08-2024]},
}


@misc{androidSupportLibrary,
	author = {Google},
	title = {{S}upport {L}ibrary {P}ackages | {A}ndroid {D}evelopers},
	howpublished = {\url{https://developer.android.com/topic/libraries/support-library/packages}},
	year = {2024b},
	note = {[Accessed 20-08-2024]},
}

% App Algorithmen
% KNN
@misc{kenzotakahashiKNearestNeighbor,
	author = {Kenzo Takahashi},
	title = {{K}-{N}earest {N}eighbor from {S}cratch in {P}ython},
	howpublished = {\url{https://kenzotakahashi.github.io/k-nearest-neighbor-from-scratch-in-python.html}},
	year = {2016},
	note = {[Accessed 20-08-2024]},
}

% Random Forest
@misc{konfuzioRandomForest,
	author = {Florian Zyprian},
	title = {{R}andom {F}orest {D}eveloper {G}uide: 5 ways to implement in {P}ython},
	howpublished = {\url{https://konfuzio.com/en/random-forest}},
	year = {2023},
	note = {[Accessed 20-08-2024]},
}